@article{LoRaSpec, 
  title={LoRaWAN™ 1.1 Specification}, 
  url={\url{https://lora-alliance.org/sites/default/files/2018-04/lorawantm_specification_-v1.1.pdf}}, 
  publisher={LoRa Alliance, Inc.}, 
  author={N. SORNIN}, 
  year={2017},
  edition = {1.1}
}

@article{LoRaBack, 
  title={LoRaWAN™ Backend Interfaces 1.0 Specification}, 
  url={\url{https://lora-alliance.org/sites/default/files/2018-04/lorawantm-backend-interfaces-v1.0.pdf}}, 
  publisher={LoRa Alliance, Inc.}, 
  author={A. YEGIN}, 
  year={2017},
  edition = {1.0}
} 

@article{Explain, 
  title={Exploring LoRa and LoRaWAN}, 
  url={\url{http://publications.lib.chalmers.se/records/fulltext/252610/252610.pdf}}, 
  publisher={CHALMERSUNIVERSITY OFTECHNOLOGY}, 
  author={Kristoffer Olsson und Sveinn Finnsson}, 
  year={2017},
} 

@article{WhatIsLoRa, 
  title={LoRaWAN™ Backend Interfaces 1.0 Specification}, 
  url={\url{https://lora-alliance.org/sites/default/files/2018-04/what-is-lorawan.pdf}}, 
  publisher={LoRa Alliance, Inc.}, 
  year={2018},
  edition = {1.0}
} 

@article{LoRaSecur, 
  title={LoRaWAN™ SECURITYA WHITE PAPER PREPARED FOR THE LoRa ALLIANCE™}, 
  url={\url{https://lora-alliance.org/sites/default/files/2019-05/lorawan_security_whitepaper.pdf}}, 
  publisher={LoRa Alliance, Inc.}, 
  author={GEMALTO and ACTILITY and SEMTECH}, 
  year={2017},
  edition = {1.0}
} 

@article{loRaClasses, 
  title={Comparison of LoRaWAN Classes and their Power Consumption}, 
  url={\url{https://ieeexplore.ieee.org/stamp/stamp.jsp?tp=&arnumber=8240313}}, 
  journal={2017 IEEE Symposium on Communications and Vehicular Technology (SCVT)}, 
  author={Phui San Cheong and Johan Bergs and Chris Hawinkel and Jeroen Famaey}, 
  year={2017},
  edition = {1.0}
} 
